@misc {test,
   url = {https://www.indeed.com/career-advice/career-development/software-developer-soft-skills},
   title = {11 Important Soft Skills for Software Developers},
   year = {2021},
   author = {{Indeed}},
}

@book{lehr,
    title={Behavioral Eonomics: Evidence, Theory, and Welfare},
    author={Brandon Lehr},
    isbn={978-0367426446},
    year={2021},
    publisher={Routledge},
}

@book{Trevisan,
    title={The Irrational Consumer: Applying Behavioural Economics to Your Business Strategy},
    author={Enrico Trevisan},
    isbn={9781315556543},
    year={2016},
    publisher={Routledge},
}

@book{report23,
    publisher = {National Academies of Sciences Engineering and Medicine},
    title = {Behavioral Economics: Policy Impact and Future Directions},
    year = {2023}
}

@article{lehrLossAversion,
    author = {Brandon Lehr},
    title = {Optimal Social Security with Loss Aversion},
    journal = {Public Finance Review},
    year = {2024},
    url = {https://doi.org/10.1177/10911421241261745}
}

@article{modigliani,
    author = {Franco Modigliani},
    author = {Richard Brumberg},
    title = {Utility Analysis and the Consumption Function:  An Interpretation of Cross-section Data},
    journal = {Post-Keynesian Economics},
    year = {1954},
    publisher = {Rutgers University Press}
}

@article{bonabeau,
    author = {Eric Bonabeau},
    title = {Agent-based modeling: Methods and techniques for simulating human systems},
    journal = {PNAS},
    year = {2002},
    url= {https://www.pnas.org/doi/10.1073/pnas.082080899}
}

@article{dimmock,
    author = {Stephen Dimmock and Roy Kouwenberg},
    title = {Loss-aversion and household portfolio choice},
    journal = {Journal of Empirical Finance},
    year = {2010},
    url={https://www.sciencedirect.com/science/article/abs/pii/S0927539809000930}
}

@article{transamerica,
    author = {Catherine Collinson},
    title = {24th Annual Transamerica Retirement Survey},
    journal = {Transamerica center for retirement studies},
    year = {2024}
}

@article{goda,
    author = {Gopi Shah Goda},
    title = {The Role of Time Preferences and Exponential-Growth Bias in Retirement Savings},
    journal = {NBER},
    year = {2015}
}

@article{maxted,
    author = {Peter Maxted},
    title = {Present Bias in Consumption-Saving Models: A Tractable Continuous-Time Approach},
    journal = {Harvard University},
    year = {2020}
}

@misc{personalloan,
    url = {https://fred.stlouisfed.org/categories/33057},
    title = {Finance Rate on Personal Loans at Commercial Banks, 24 Month Loan},
    author = {Federal Reserve Bank of Saint Louis}
}

@misc{returns,
    url = {https://fred.stlouisfed.org/series/SP500},
    title = {S\&P 500},
    author = {Federal Reserve Bank of Saint Louis}
}

@misc{death,
    url = {https://www.ssa.gov/oact/STATS/table4c6.html},
    title = {Period Life Table, 2021, as used in the 2024 Trustees Report},
    author = {Social Security Administration}
}

@misc{income,
    url = {https://www.epi.org/nominal-wage-tracker/},
    title = {Nominal Wage Tracker},
    author = {Economic Policy Institute}
}

@misc{unemployment,
    url = {https://www.bls.gov/news.release/jolts.t05.htm},
    title = {Layoffs and discharges levels and rates by industry and region, seasonally adjusted
},
    author = {Bureau of Labor Statistics}
}

@misc{inheritance,
    url = {https://budgetmodel.wharton.upenn.edu/issues/2021/7/16/inheritances-by-age-and-income-group},
    title = {Inheritances by Age and Income Group},
    author = {Penn Wharton}
}

@article{presentbias,
    author = {Taisuke Imai},
    title = {Meta-Analysis of Present-Bias Estimation using Convex Time Budgets},
    journal = {The Economcic Journal},
    year = {2020}
}

@misc{equitypremiums,
    url = {https://globalfinancialdata.com/300-years-of-the-equity-risk-premium},
    title = {300 Years of the Equity-Risk Premium},
    author = {Global Financial Data}
}

@article{utilitywealth,
    author = {Douglas Blackburn},
    title = {ESTIMATING PREFERENCES TOWARD RISK: EVIDENCE FROM DOW JONES},
    journal = {FDIC},
    year = {2006}
}

@article{lossaversion,
    author = {Alexander Brown},
    title = {Meta-analysis of Empirical Estimates of Loss Aversion},
    journal = {American Economic Association},
    year = {2024}
}

@article{thaler,
    author = {Richard Thaler},
    title = {Anomalies: The Equity Premium Puzzle},
    journal = {Journal of Economic Perspectives},
    year = {1997}
}

@article{BarberisEtAl,
    author = {Nicholas Barberis and Robin Greenwoodb and Lawrence Jin and Andrei Shleifer},
    title = {Extrapolation and bubbles},
    journal = {Journal of Financial Economics},
    year = {2018}
}

@article{BarberisEPP,
    author = {Nicholas Barberis},
    title = {The Loss Aversion/Narrow Framing Approach to the Equity Premium Puzzle},
    journal = {Elsevier BV},
    year = {2007}
}

@article{BarberisEMH,
    author = {Nicholas Barberis},
    title = {Psychology-based Models of Asset Prices and Trading Volume},
    journal = {SSRN},
    year = {2018}
}

@article{MedTermMomentum,
    author = {Narasimhan Jegadeesh},
    title = {Returns to Buying Winners and Selling Losers: Implications for Stock Market Efficiency},
    journal = { Blackwell Publishing for the American Finance Association},
    year = {1993}
}

@article{LongTermReversal,
    author = {Richard Thaler},
    title = {Does the Stock Market Overreact?},
    journal = {The Journal of Finance},
    year = {1985}
}

@article{volatility,
    author = {Robert Shiller},
    title = {Do Stock Prices Move Too Much to be Justified by Subsequent Changes in Dividends?},
    journal = {The American Economic Review},
    year = {1981}
}

@article{bubbles,
    author = {Robert Shiller},
    title = {From Efficient Markets Theory to Behavioral Finance},
    journal = {Journal of Economic Perspectives},
    year = {2003}
}